@online{v107,
  title = {Versuch 107: Das Kugelfall-Viskosimeter nach HÃ¶ppler},
  urldate = "2017-12-15",
  url ="http://129.217.224.2/HOMEPAGE/PHYSIKER/BACHELOR/AP/SKRIPT/Viskositaet.pdf"
}
